@electronic{Shiroha2020,
  title     = {A brief history of algorithmic trading},
  url       = {https://medium.com/the-capital/a-brief-history-of-algorithmic-trading-1ac7e90e153f},
  journal   = {Medium},
  publisher = {The Capital},
  author    = {Shiroha, Naman},
  year      = {2020},
  month     = {May}
} 
@article{Sezer2018,
  doi       = {10.1016/j.asoc.2018.04.024},
  url       = {https://doi.org/10.1016/j.asoc.2018.04.024},
  year      = {2018},
  month     = sep,
  publisher = {Elsevier {BV}},
  volume    = {70},
  pages     = {525--538},
  author    = {Omer Berat Sezer and Ahmet Murat Ozbayoglu},
  title     = {Algorithmic financial trading with deep convolutional neural networks: Time series to image conversion approach},
  journal   = {Applied Soft Computing}
}
@article{Treleaven2013,
  doi       = {10.1145/2500117},
  url       = {https://doi.org/10.1145/2500117},
  year      = {2013},
  month     = nov,
  publisher = {Association for Computing Machinery ({ACM})},
  volume    = {56},
  number    = {11},
  pages     = {76--85},
  author    = {Philip Treleaven and Michal Galas and Vidhi Lalchand},
  title     = {Algorithmic trading review},
  journal   = {Communications of the {ACM}}
}
@inproceedings{Chen2017,
  title  = {Application of Deep Learning to Algorithmic Trading},
  author = {Guanting Chen and Yatong Chen and Takahiro Fushimi},
  year   = {2017}
}
@inproceedings{Day2016,
  doi       = {10.1109/asonam.2016.7752381},
  url       = {https://doi.org/10.1109/asonam.2016.7752381},
  year      = {2016},
  month     = aug,
  publisher = {{IEEE}},
  author    = {Min-Yuh Day and Chia-Chou Lee},
  title     = {Deep learning for financial sentiment analysis on finance news providers},
  booktitle = {2016 {IEEE}/{ACM} International Conference on Advances in Social Networks Analysis and Mining ({ASONAM})}
}
@inproceedings{Wang2017,
  title  = {Deep Q-trading},
  author = {Yang Wang and Dong Wang and  Shiyue Zhang and Yang Feng and Shiyao Li and Qiang Zhou},
  year   = {2017}
}
@article{Li2019,
  doi       = {10.1109/access.2019.2932789},
  url       = {https://doi.org/10.1109/access.2019.2932789},
  year      = {2019},
  publisher = {Institute of Electrical and Electronics Engineers ({IEEE})},
  volume    = {7},
  pages     = {108014--108022},
  author    = {Yang Li and Wanshan Zheng and Zibin Zheng},
  title     = {Deep Robust Reinforcement Learning for Practical Algorithmic Trading},
  journal   = {{IEEE} Access}
}
@article{Mehta2021,
  doi       = {10.7717/peerj-cs.476},
  url       = {https://doi.org/10.7717/peerj-cs.476},
  year      = {2021},
  month     = apr,
  publisher = {{PeerJ}},
  volume    = {7},
  pages     = {e476},
  author    = {Pooja Mehta and Sharnil Pandya and Ketan Kotecha},
  title     = {Harvesting social media sentiment analysis to enhance stock market prediction using deep learning},
  journal   = {{PeerJ} Computer Science}
}
@misc{Nan2020,
  title         = {Sentiment and Knowledge Based Algorithmic Trading with Deep Reinforcement Learning},
  author        = {Abhishek Nan and Anandh Perumal and Osmar R. Zaiane},
  year          = {2020},
  eprint        = {2001.09403},
  archiveprefix = {arXiv},
  primaryclass  = {cs.AI}
}
@article{Shi2020,
  doi       = {10.1002/cpe.6076},
  url       = {https://doi.org/10.1002/cpe.6076},
  year      = {2020},
  month     = nov,
  publisher = {Wiley},
  volume    = {33},
  number    = {6},
  author    = {Yong Shi and Yuanchun Zheng and Kun Guo and Xinyue Ren},
  title     = {Stock movement prediction with sentiment analysis based on deep learning networks},
  journal   = {Concurrency and Computation: Practice and Experience}
}

@misc{Samuelsson2021,
  title   = {What Percentage Of Trading Is Algorithmic?},
  url     = {https://therobusttrader.com/what-percentage-of-trading-is-algorithmic/},
  journal = {THE ROBUST TRADER},
  author  = {Samuelsson, HÃ¥kan},
  year    = {2021}
}
@misc{Vonko2021,
  title   = {Neural Networks: Forecasting Profits},
  url     = {https://www.investopedia.com/articles/trading/06/neuralnetworks.asp},
  journal = {Investopedia},
  author  = {Vonko, Dima},
  year    = {2021}
}

@article{Vaswani2017,
  author     = {Ashish Vaswani and
               Noam Shazeer and
               Niki Parmar and
               Jakob Uszkoreit and
               Llion Jones and
               Aidan N. Gomez and
               Lukasz Kaiser and
               Illia Polosukhin},
  title      = {Attention Is All You Need},
  journal    = {CoRR},
  volume     = {abs/1706.03762},
  year       = {2017},
  url        = {http://arxiv.org/abs/1706.03762},
  eprinttype = {arXiv},
  eprint     = {1706.03762},
  timestamp  = {Sat, 23 Jan 2021 01:20:40 +0100},
  biburl     = {https://dblp.org/rec/journals/corr/VaswaniSPUJGKP17.bib},
  bibsource  = {dblp computer science bibliography, https://dblp.org}
}

@misc{Ankit2021,
  title   = {Transformer Neural Network: Step-By-Step Breakdown of the Beast.},
  url     = {https://towardsdatascience.com/transformer-neural-network-step-by-step-breakdown-of-the-beast-b3e096dc857f},
  journal = {Medium},
  author  = {Ankit, Utkarsh},
  year    = {2021}
}
@misc{gpt-j,
  author       = {Wang, Ben and Komatsuzaki, Aran},
  title        = {{GPT-J-6B: A 6 Billion Parameter Autoregressive Language Model}},
  howpublished = {\url{https://github.com/kingoflolz/mesh-transformer-jax}},
  year         = 2021,
  month        = May
}
@misc{mesh-transformer-jax,
  author       = {Wang, Ben},
  title        = {{Mesh-Transformer-JAX: Model-Parallel Implementation of Transformer Language Model with JAX}},
  howpublished = {\url{https://github.com/kingoflolz/mesh-transformer-jax}},
  year         = 2021,
  month        = May
}

@article{Gao2021,
  author     = {Leo Gao and
               Stella Biderman and
               Sid Black and
               Laurence Golding and
               Travis Hoppe and
               Charles Foster and
               Jason Phang and
               Horace He and
               Anish Thite and
               Noa Nabeshima and
               Shawn Presser and
               Connor Leahy},
  title      = {The Pile: An 800GB Dataset of Diverse Text for Language Modeling},
  journal    = {CoRR},
  volume     = {abs/2101.00027},
  year       = {2021},
  url        = {https://arxiv.org/abs/2101.00027},
  eprinttype = {arXiv},
  eprint     = {2101.00027},
  timestamp  = {Thu, 21 Jan 2021 14:42:30 +0100},
  biburl     = {https://dblp.org/rec/journals/corr/abs-2101-00027.bib},
  bibsource  = {dblp computer science bibliography, https://dblp.org}
}